<?xml version="1.0" encoding="UTF-8"?><record xmlns="http://www.loc.gov/MARC21/slim" xmlns:cinclude="http://apache.org/cocoon/include/1.0" xmlns:zs="http://www.loc.gov/zing/srw/">
  <leader>00491nz  a2200145n  4500</leader>
  <controlfield tag="001">no2010150995</controlfield>
  <controlfield tag="003">DLC</controlfield>
  <controlfield tag="005">20100918075502.0</controlfield>
  <controlfield tag="008">100916n| acannaabn          |n aaa     c</controlfield>
  <datafield tag="010" ind1=" " ind2=" ">
    <subfield code="a">no2010150995</subfield>
  </datafield>
  <datafield tag="035" ind1=" " ind2=" ">
    <subfield code="a">(OCoLC)oca08626739</subfield>
  </datafield>
  <datafield tag="040" ind1=" " ind2=" ">
    <subfield code="a">UPB</subfield>
    <subfield code="b">eng</subfield>
    <subfield code="c">UPB</subfield>
  </datafield>
  <datafield tag="100" ind1="1" ind2=" ">
    <subfield code="a">Ricks, Russell M.,</subfield>
    <subfield code="d">1984-</subfield>
  </datafield>
  <datafield tag="670" ind1=" " ind2=" ">
    <subfield code="a">Planar CAT(k) subspaces, 2010:</subfield>
    <subfield code="b">t.p. (Russell M. Ricks, Thesis (M.S.)--Brigham Young University. Dept. of Mathematics)</subfield>
  </datafield>
  <datafield tag="670" ind1=" " ind2=" ">
    <subfield code="a">UPB files, Sept. 15, 2010</subfield>
    <subfield code="b">(Russell M. Ricks, b. 1984)</subfield>
  </datafield>
</record>